@inproceedings{bocchino2009parallel,
  title={Parallel programming must be deterministic by default},
  author={Bocchino, Robert and Adve, Vikram and Adve, Sarita and Snir, Marc},
  booktitle={Proceedings of the First USENIX conference on Hot topics in parallelism},
  pages={4--4},
  year={2009}
}
@inproceedings{berger2009grace,
  title={Grace: Safe multithreaded programming for C/C++},
  author={Berger, Emery D and Yang, Ting and Liu, Tongping and Novark, Gene},
  booktitle={ACM Sigplan Notices},
  volume={44},
  number={10},
  pages={81--96},
  year={2009},
  organization={ACM}
}
@inproceedings{bergan2010coredet,
  title={CoreDet: a compiler and runtime system for deterministic multithreaded execution},
  author={Bergan, Tom and Anderson, Owen and Devietti, Joseph and Ceze, Luis and Grossman, Dan},
  booktitle={ACM SIGARCH Computer Architecture News},
  volume={38},
  number={1},
  pages={53--64},
  year={2010},
  organization={ACM}
}
@article{leiserson2010cilk++,
  title={The Cilk++ concurrency platform},
  author={Leiserson, Charles E},
  journal={The Journal of Supercomputing},
  volume={51},
  number={3},
  pages={244--257},
  year={2010},
  publisher={Springer}
}
@article{dunlap2002revirt,
  title={ReVirt: Enabling intrusion analysis through virtual-machine logging and replay},
  author={Dunlap, George W and King, Samuel T and Cinar, Sukru and Basrai, Murtaza A and Chen, Peter M},
  journal={ACM SIGOPS Operating Systems Review},
  volume={36},
  number={SI},
  pages={211--224},
  year={2002},
  publisher={ACM}
}
@inproceedings{baumann2009multikernel,
  title={The multikernel: a new OS architecture for scalable multicore systems},
  author={Baumann, Andrew and Barham, Paul and Dagand, Pierre-Evariste and Harris, Tim and Isaacs, Rebecca and Peter, Simon and Roscoe, Timothy and Sch{\"u}pbach, Adrian and Singhania, Akhilesh},
  booktitle={Proceedings of the ACM SIGOPS 22nd symposium on Operating systems principles},
  pages={29--44},
  year={2009},
  organization={ACM}
}
@inproceedings{mao2008mencius,
 author = {Mao, Yanhua and Junqueira, Flavio P. and Marzullo, Keith},
 title = {Mencius: Building Efficient Replicated State Machines for WANs},
 booktitle = {Proceedings of the 8th USENIX Conference on Operating Systems Design and Implementation},
 series = {OSDI'08},
 year = {2008},
 location = {San Diego, California},
 pages = {369--384},
 numpages = {16},
 url = {http://dl.acm.org/citation.cfm?id=1855741.1855767},
 acmid = {1855767},
 publisher = {USENIX Association},
 address = {Berkeley, CA, USA},
} 
@inproceedings{devietti2009dmp,
  title={DMP: deterministic shared memory multiprocessing},
  author={Devietti, Joseph and Lucia, Brandon and Ceze, Luis and Oskin, Mark},
  booktitle={ACM SIGARCH Computer Architecture News},
  volume={37},
  number={1},
  pages={85--96},
  year={2009},
  organization={ACM}
}
@inproceedings{bergan2010coredet,
  title={CoreDet: a compiler and runtime system for deterministic multithreaded execution},
  author={Bergan, Tom and Anderson, Owen and Devietti, Joseph and Ceze, Luis and Grossman, Dan},
  booktitle={ACM SIGARCH Computer Architecture News},
  volume={38},
  number={1},
  pages={53--64},
  year={2010},
  organization={ACM}
}
@inproceedings{weaver2008can,
  title={Can hardware performance counters be trusted?},
  author={Weaver, Vincent M and McKee, Sally and others},
  booktitle={Workload Characterization, 2008. IISWC 2008. IEEE International Symposium on},
  pages={141--150},
  year={2008},
  organization={IEEE}
}
@inproceedings{franke2002fuss,
  title={Fuss, futexes and furwocks: Fast userlevel locking in linux},
  author={Franke, Hubertus and Russell, Rusty and Kirkwood, Matthew},
  booktitle={AUUG Conference Proceedings},
  pages={85},
  year={2002},
  organization={AUUG, Inc.}
}
@inproceedings{liu2011dthreads,
  title={Dthreads: efficient deterministic multithreading},
  author={Liu, Tongping and Curtsinger, Charlie and Berger, Emery D},
  booktitle={Proceedings of the Twenty-Third ACM Symposium on Operating Systems Principles},
  pages={327--336},
  year={2011},
  organization={ACM}
}
@inproceedings{cui2013parrot,
  title={Parrot: A practical runtime for deterministic, stable, and reliable threads},
  author={Cui, Heming and Simsa, Jiri and Lin, Yi-Hong and Li, Hao and Blum, Ben and Xu, Xinan and Yang, Junfeng and Gibson, Garth A and Bryant, Randal E},
  booktitle={Proceedings of the Twenty-Fourth ACM Symposium on Operating Systems Principles},
  pages={388--405},
  year={2013},
  organization={ACM}
}
@article{bocchino2009type,
  title={A type and effect system for deterministic parallel Java},
  author={Bocchino Jr, Robert L and Adve, Vikram S and Dig, Danny and Adve, Sarita V and Heumann, Stephen and Komuravelli, Rakesh and Overbey, Jeffrey and Simmons, Patrick and Sung, Hyojin and Vakilian, Mohsen},
  journal={ACM Sigplan Notices},
  volume={44},
  number={10},
  pages={97--116},
  year={2009},
  publisher={ACM}
}
@inproceedings{segulja2012architectural,
  title={Architectural support for synchronization-free deterministic parallel programming},
  author={Segulja, Cedomir and Abdelrahman, Tarek S},
  booktitle={High Performance Computer Architecture (HPCA), 2012 IEEE 18th International Symposium on},
  pages={1--12},
  year={2012},
  organization={IEEE}
}
@article{aviram2012efficient,
  title={Efficient system-enforced deterministic parallelism},
  author={Aviram, Amittai and Weng, Shu-Chun and Hu, Sen and Ford, Bryan},
  journal={Communications of the ACM},
  volume={55},
  number={5}
}
@article{veeraraghavan2012doubleplay,
  title={DoublePlay: parallelizing sequential logging and replay},
  author={Veeraraghavan, Kaushik and Lee, Dongyoon and Wester, Benjamin and Ouyang, Jessica and Chen, Peter M and Flinn, Jason and Narayanasamy, Satish},
  journal={ACM Transactions on Computer Systems (TOCS)},
  volume={30},
  number={1},
  pages={3},
  year={2012},
  publisher={ACM}
}
@inproceedings{cui2010stable,
  title={Stable Deterministic Multithreading through Schedule Memoization.},
  author={Cui, Heming and Wu, Jingyue and Tsai, Chia-Che and Yang, Junfeng},
  booktitle={OSDI},
  volume={10},
  pages={10},
  year={2010}
}
@article{olszewski2009kendo,
  title={Kendo: efficient deterministic multithreading in software},
  author={Olszewski, Marek and Ansel, Jason and Amarasinghe, Saman},
  journal={ACM Sigplan Notices},
  volume={44},
  number={3},
  pages={97--108},
  year={2009},
  publisher={ACM}
}
@inproceedings{devietti2011rcdc,
  title={RCDC: a relaxed consistency deterministic computer},
  author={Devietti, Joseph and Nelson, Jacob and Bergan, Tom and Ceze, Luis and Grossman, Dan},
  booktitle={ACM SIGPLAN Notices},
  volume={46},
  number={3},
  pages={67--78},
  year={2011},
  organization={ACM}
}
@inproceedings{singh2009zeno,
  title={Zeno: Eventually Consistent Byzantine-Fault Tolerance.},
  author={Singh, Atul and Fonseca, Pedro and Kuznetsov, Petr and Rodrigues, Rodrigo and Maniatis, Petros and others},
  booktitle={NSDI},
  volume={9},
  pages={169--184},
  year={2009}
}
@article{zagorodnov2009practical,
  title={Practical and low-overhead masking of failures of TCP-based servers},
  author={Zagorodnov, Dmitrii and Marzullo, Keith and Alvisi, Lorenzo and Bressoud, Thomas C},
  journal={ACM Transactions on Computer Systems (TOCS)},
  volume={27},
  number={2},
  pages={4},
  year={2009},
  publisher={ACM}
}
@inproceedings{cui2015p,
  title={Paxos made transparent},
  author={Cui, Heming and Gu, Rui and Liu, Cheng and Chen, Tianyu and Yang, Junfeng},
  booktitle={Proceedings of the 25th Symposium on Operating Systems Principles},
  pages={105--120},
  year={2015},
  organization={ACM}
}
@inproceedings{bergan2011deterministic,
  title={The deterministic execution hammer: How well does it actually pound nails},
  author={Bergan, Tom and Devietti, Joseph and Hunt, Nicholas and Ceze, Luis},
  booktitle={The 2nd Workshop on Determinism and Correctness in Parallel Programming (WODETâ€™11)},
  year={2011}
}
@article{drepper2005futexes,
  title={Futexes are tricky},
  author={Drepper, Ulrich},
  journal={Red Hat Inc, Japan},
  year={2005},
  publisher={Citeseer}
}
@inproceedings{bergan2010deterministic,
  title={Deterministic Process Groups in dOS.},
  author={Bergan, Tom and Hunt, Nicholas and Ceze, Luis and Gribble, Steven D},
  booktitle={OSDI},
  volume={10},
  pages={177--192},
  year={2010}
}
@misc{hillstress,
  title={A stress test for deterministic execution},
  howpublished = {\url{http://pages.cs.wisc.edu/~markhill/racey.html}},
  author={Hill, M and Racey, M Xu}
}
@inproceedings{gilchrist2004parallel,
  title={Parallel data compression with bzip2},
  author={Gilchrist, Jeff},
  booktitle={Proceedings of the 16th IASTED International Conference on Parallel and Distributed Computing and Systems},
  volume={16},
  pages={559--564},
  year={2004}
}
@inproceedings{barbalace2014popcorn,
  title={Popcorn: a replicated-kernel OS based on Linux},
  author={Barbalace, Antonio and Ravindran, Binoy and Katz, David},
  booktitle={Proceedings of the Linux Symposium, Ottawa, Canada},
  year={2014}
}
@phdthesis{shelton2013popcorn,
  title={Popcorn Linux: enabling efficient inter-core communication in a Linux-based multikernel operating system},
  author={Shelton, Benjamin H},
  year={2013},
  school={Virginia Polytechnic Institute and State University}
}
@article{lee2010respec,
  title={Respec: efficient online multiprocessor replayvia speculation and external determinism},
  author={Lee, Dongyoon and Wester, Benjamin and Veeraraghavan, Kaushik and Narayanasamy, Satish and Chen, Peter M and Flinn, Jason},
  journal={ACM SIGARCH Computer Architecture News},
  volume={38},
  number={1},
  pages={77--90},
  year={2010},
  publisher={ACM}
}
@inproceedings{lattner2004llvm,
  title={LLVM: A compilation framework for lifelong program analysis \& transformation},
  author={Lattner, Chris and Adve, Vikram},
  booktitle={Code Generation and Optimization, 2004. CGO 2004. International Symposium on},
  pages={75--86},
  year={2004},
  organization={IEEE}
}
@misc{nginxthreadpool,
  title = {Thread Pools in NGINX Boost Performance 9x!},
  howpublished = {\url{https://www.nginx.com/blog/thread-pools-boost-performance-9x/}},
}
@misc{nginxscalability,
  title = {Inside NGINX: How We Designed for Performance \& Scale},
  howpublished = {\url{https://www.nginx.com/blog/inside-nginx-how-we-designed-for-performance-scale/}},
}
@article{reese2008nginx,
  title={Nginx: the high-performance web server and reverse proxy},
  author={Reese, Will},
  journal={Linux Journal},
  volume={2008},
  number={173},
  pages={2},
  year={2008},
  publisher={Belltown Media}
}
@article{merrifieldincreasing,
  title={Increasing Concurrency in Deterministic Runtimes with Conversion},
  author={Merrifield, Timothy and Eriksson, Jakob}
}
@inproceedings{hower2011calvin,
  title={Calvin: Deterministic or not? Free will to choose},
  author={Hower, Derek R and Dudnik, Polina and Hill, Mark D and Wood, David A},
  booktitle={High Performance Computer Architecture (HPCA), 2011 IEEE 17th International Symposium on},
  pages={333--334},
  year={2011},
  organization={IEEE}
}
@inproceedings{zhang2012runtime,
  title={Runtime asynchronous fault tolerance via speculation},
  author={Zhang, Yun and Ghosh, Soumyadeep and Huang, Jialu and Lee, Jae W and Mahlke, Scott A and August, David I},
  booktitle={Proceedings of the Tenth International Symposium on Code Generation and Optimization},
  pages={145--154},
  year={2012},
  organization={ACM}
}
@inbook{engineeringfttcp,
title = "Engineering Fault-Tolerant TCP/IP Servers Using FT-TCP",
author = "Dmitrii Zagorodnov and Keith Marzullo and Lorenzo Alvisi and Bressoud, {Thomas C.}",
year = "2003",
month = "12",
doi = "10.1109/DSN.2003.1209950",
pages = "393--402",
booktitle = "Proceedings of the International Conference on Dependable Systems and Networks",
}
@article{gilchristparallel,
  title={Parallel bzip2 (pbzip2) data compression software},
  author={Gilchrist, J},
  journal={URL http://compression.ca/pbzip2}
}
@misc{intelpt,
  title = {Processor Tracing},
  howpublished = {\url{https://software.intel.com/en-us/blogs/2013/09/18/processor-tracing}},
}
@inproceedings{guo2014rex,
  title={Rex: Replication at the speed of multi-core},
  author={Guo, Zhenyu and Hong, Chuntao and Yang, Mao and Zhou, Dong and Zhou, Lidong and Zhuang, Li},
  booktitle={Proceedings of the Ninth European Conference on Computer Systems},
  pages={11},
  year={2014},
  organization={ACM}
}
@article{lamport2001paxos,
  title={Paxos made simple},
  author={Lamport, Leslie and others},
  journal={ACM Sigact News},
  volume={32},
  number={4},
  pages={18--25},
  year={2001}
}
@inproceedings{slye1996supporting,
  title={Supporting nondeterministic execution in fault-tolerant systems},
  author={Slye, J Hamilton and Elnozahy, Elmootazbellah Nabil},
  booktitle={Fault Tolerant Computing, 1996., Proceedings of Annual Symposium on},
  pages={250--259},
  year={1996},
  organization={IEEE}
}
@inproceedings{slember2006static,
  title={Static Analysis Meets Distributed Fault-Tolerance: Enabling State-Machine Replication with Nondeterminism.},
  author={Slember, Joseph G and Narasimhan, Priya},
  booktitle={HotDep},
  year={2006}
}
@inproceedings{kotla2007zyzzyva,
  title={Zyzzyva: speculative byzantine fault tolerance},
  author={Kotla, Ramakrishna and Alvisi, Lorenzo and Dahlin, Mike and Clement, Allen and Wong, Edmund},
  booktitle={ACM SIGOPS Operating Systems Review},
  volume={41},
  number={6},
  pages={45--58},
  year={2007},
  organization={ACM}
}
@inproceedings{kapritsos2012all,
  title={All about Eve: Execute-verify replication for multi-core servers},
  author={Kapritsos, Manos and Wang, Yang and Quema, Vivien and Clement, Allen and Alvisi, Lorenzo and Dahlin, Mike},
  booktitle={Presented as part of the 10th USENIX Symposium on Operating Systems Design and Implementation (OSDI 12)},
  pages={237--250},
  year={2012}
}
@misc{mongoose,
  title = {Mongoose - Embedded Web Server},
  howpublished = {\url{https://github.com/cesanta/mongoose}},
}
@inproceedings{merrifield2015high,
  title={High-performance determinism with total store order consistency},
  author={Merrifield, Timothy and Devietti, Joseph and Eriksson, Jakob},
  booktitle={Proceedings of the Tenth European Conference on Computer Systems},
  pages={31},
  year={2015},
  organization={ACM}
}
@inproceedings{lorch2015tardigrade,
  title={Tardigrade: Leveraging lightweight virtual machines to easily and efficiently construct fault-tolerant services},
  author={Lorch, Jacob R and Baumann, Andrew and Glendenning, Lisa and Meyer, Dutch and Warfield, Andrew},
  booktitle={12th USENIX Symposium on Networked Systems Design and Implementation (NSDI 15)},
  pages={575--588},
  year={2015}
}
@article{bressoud1996hypervisor,
  title={Hypervisor-based fault tolerance},
  author={Bressoud, Thomas C and Schneider, Fred B},
  journal={ACM Transactions on Computer Systems (TOCS)},
  volume={14},
  number={1},
  pages={80--107},
  year={1996},
  publisher={ACM}
}